<collection xmlns="http://www.loc.gov/MARC21/slim">
<record>
  <leader>01779nam0a2200301 i 450 </leader>
  <controlfield tag="001">IT\ICCU\CNCE\077132</controlfield>
  <controlfield tag="005">20130920000000.0</controlfield>
  <datafield tag="012" ind1=" " ind2=" ">
    <subfield code="a">ROre o.te e.re NoCh (C) 1557 (R)</subfield>
    <subfield code="2">fei</subfield>
  </datafield>
  <datafield tag="100" ind1=" " ind2=" ">
    <subfield code="a">20111213d1557        0itac0103    ba</subfield>
  </datafield>
  <datafield tag="101" ind1=" " ind2=" ">
    <subfield code="a">ITA</subfield>
  </datafield>
  <datafield tag="102" ind1=" " ind2=" ">
    <subfield code="a">IT</subfield>
  </datafield>
  <datafield tag="200" ind1="1" ind2=" ">
    <subfield code="a">Serafino. Opera dello elegantissimo poeta Serafino Aquilano, quasi tutta di nuouo riformata, con molte cose aggionte. Nel laquale \!! si contengono tutte le infrascritte cose, cioe. Sonetti. CLXV. Epistole. VII. Disperate. III. Barzellette.XIX. Egloghe.III.  Capitoli. XX.  Strambotti. XXVII</subfield>
  </datafield>
  <datafield tag="210" ind1=" " ind2=" ">
    <subfield code="e">In Venetia</subfield>
    <subfield code="g">per Mattio Pagan</subfield>
    <subfield code="h">in Frezaria</subfield>
    <subfield code="h">all&apos;insegna della Fede</subfield>
    <subfield code="h">1557</subfield>
  </datafield>
  <datafield tag="215" ind1=" " ind2=" ">
    <subfield code="a">\132! c.</subfield>
    <subfield code="d">8ʻ</subfield>
  </datafield>
  <datafield tag="620" ind1=" " ind2=" ">
    <subfield code="a">IT</subfield>
    <subfield code="d">Venezia</subfield>
  </datafield>
  <datafield tag="700" ind1=" " ind2="0">
    <subfield code="a">Serafino</subfield>
    <subfield code="c"> : Aquilano</subfield>
    <subfield code="3">IT\ICCU\CNCA\006567</subfield>
  </datafield>
  <datafield tag="712" ind1="0" ind2="0">
    <subfield code="a">Pagano, Matteo</subfield>
    <subfield code="3">IT\ICCU\CNCT\000430</subfield>
    <subfield code="4">650</subfield>
  </datafield>
  <datafield tag="790" ind1=" " ind2="1">
    <subfield code="a">Aquila,</subfield>
    <subfield code="b">Serafino : dell&apos;</subfield>
    <subfield code="3">IT\ICCU\CNCA\007641</subfield>
    <subfield code="z">Serafino : Aquilano</subfield>
  </datafield>
  <datafield tag="790" ind1=" " ind2="1">
    <subfield code="a">Ciminelli,</subfield>
    <subfield code="b">Serafino : de&apos;</subfield>
    <subfield code="3">IT\ICCU\CNCA\008243</subfield>
    <subfield code="z">Serafino : Aquilano</subfield>
  </datafield>
  <datafield tag="790" ind1=" " ind2="0">
    <subfield code="a">Serafino</subfield>
    <subfield code="c"> : da#Aquila</subfield>
    <subfield code="3">IT\ICCU\CNCA\025650</subfield>
    <subfield code="z">Serafino : Aquilano</subfield>
  </datafield>
  <datafield tag="790" ind1=" " ind2="0">
    <subfield code="a">Serafino</subfield>
    <subfield code="c"> : dell&apos;Aquila</subfield>
    <subfield code="3">IT\ICCU\CNCA\025653</subfield>
    <subfield code="z">Serafino : Aquilano</subfield>
  </datafield>
  <datafield tag="791" ind1="0" ind2="2">
    <subfield code="a">℗al segno della ℗Fede</subfield>
    <subfield code="c"> &lt;1542-1562&gt;</subfield>
    <subfield code="3">IT\ICCU\CNCT\002837</subfield>
    <subfield code="z">Pagano, Matteo</subfield>
  </datafield>
  <datafield tag="791" ind1="0" ind2="0">
    <subfield code="a">Pagan, Matthio</subfield>
    <subfield code="3">IT\ICCU\CNCT\005257</subfield>
    <subfield code="z">Pagano, Matteo</subfield>
  </datafield>
  <datafield tag="791" ind1="0" ind2="0">
    <subfield code="a">Paganus, Matheus</subfield>
    <subfield code="3">IT\ICCU\CNCT\005258</subfield>
    <subfield code="z">Pagano, Matteo</subfield>
  </datafield>
  <datafield tag="801" ind1=" " ind2="3">
    <subfield code="a">IT</subfield>
    <subfield code="b">ICCU</subfield>
    <subfield code="c">20201115</subfield>
  </datafield>
  <datafield tag="899" ind1=" " ind2=" ">
    <subfield code="a">Biblioteca civica Queriniana. Brescia</subfield>
    <subfield code="1">BS0026</subfield>
    <subfield code="2">ZBS 01</subfield>
  </datafield>
  <datafield tag="911" ind1=" " ind2=" ">
    <subfield code="a">In fine</subfield>
    <subfield code="9">IT\ICCU\CNCM\001459</subfield>
  </datafield>
  <datafield tag="921" ind1=" " ind2=" ">
    <subfield code="a">IT\ICCU\CNCM\001459</subfield>
    <subfield code="b">Fede (donna cammina tenendo nella mano destra un calice e reggendo con la sinistra una croce).</subfield>
    <subfield code="e">Senza di me l&apos;huom fassi a Dio ribello</subfield>
    <subfield code="c">U393</subfield>
    <subfield code="d">Dimensioni:7 x 7,5</subfield>
    <subfield code="f">FEDE</subfield>
    <subfield code="f">DONNA</subfield>
    <subfield code="f">CALICE</subfield>
    <subfield code="f">CROCE</subfield>
    <subfield code="f">SENZADIMEL</subfield>
    <subfield code="g">[non prima del 1542]-1573</subfield>
  </datafield>
</record>
</collection>
